<record><leader>00000cas a22000007a 4500</leader><controlfield tag="001">17899868</controlfield><controlfield tag="008">880505d18261827ohuwr ne      0    0ger d</controlfield><datafield ind1=" " ind2=" " tag="010"><subfield code="a">sn 88078480 </subfield></datafield><datafield ind1=" " ind2=" " tag="040"><subfield code="a">ONP</subfield><subfield code="b">eng</subfield><subfield code="c">ONP</subfield><subfield code="d">OCL</subfield><subfield code="d">OCLCQ</subfield><subfield code="d">OCLCF</subfield><subfield code="d">OCLCO</subfield><subfield code="d">OCLCA</subfield></datafield><datafield ind1="1" ind2=" " tag="029"><subfield code="a">AU@</subfield><subfield code="b">000020120942</subfield></datafield><datafield ind1=" " ind2=" " tag="042"><subfield code="a">msc</subfield></datafield><datafield ind1=" " ind2=" " tag="043"><subfield code="a">n-us-oh</subfield></datafield><datafield ind1="0" ind2="4" tag="245"><subfield code="a">Der Westliche Beobachter und Stark und Wayne Caunties Anzeiger.</subfield></datafield><datafield ind1=" " ind2=" " tag="260"><subfield code="a">Canton, Stark County, Ohio :</subfield><subfield code="b">Johann Sala,</subfield><subfield code="c">1826-1827.</subfield></datafield><datafield ind1=" " ind2=" " tag="310"><subfield code="a">Weekly</subfield></datafield><datafield ind1="0" ind2=" " tag="362"><subfield code="a">Bd. 1, no. 1 (1 Sept. 1826)-bd. 1, no. 35 (23 May 1827).</subfield></datafield><datafield ind1=" " ind2="0" tag="650"><subfield code="a">Germans</subfield><subfield code="z">Ohio</subfield><subfield code="v">Newspapers.</subfield></datafield><datafield ind1=" " ind2="7" tag="655"><subfield code="a">Newspapers.</subfield><subfield code="2">fast</subfield><subfield code="0">(OCoLC)fst01423814</subfield></datafield><datafield ind1=" " ind2="7" tag="650"><subfield code="a">Germans.</subfield><subfield code="2">fast</subfield><subfield code="0">(OCoLC)fst00942100</subfield></datafield><datafield ind1=" " ind2="7" tag="651"><subfield code="a">Ohio.</subfield><subfield code="2">fast</subfield><subfield code="0">(OCoLC)fst01205075</subfield></datafield><datafield ind1=" " ind2=" " tag="752"><subfield code="a">United States</subfield><subfield code="b">Ohio</subfield><subfield code="c">Stark</subfield><subfield code="d">Canton.</subfield></datafield><datafield ind1="0" ind2="0" tag="780"><subfield code="t">Westliche Beobachter und Stark, Tuscarawas und Columbiana Caunties Anzeiger</subfield><subfield code="w">(DLC)sn 88078481</subfield></datafield><datafield ind1="0" ind2="0" tag="785"><subfield code="t">Westliche Beobachter</subfield><subfield code="w">(DLC)sn 88078479</subfield></datafield></record>